@book{Diestel2017-bj,
  title={Graphentheorie},
  author={Diestel, Reinhard},
  publisher={Springer-Verlag, Heidelberg},
  month={feb},
  year={2017},
  language={de}
}

@book{lewis2021guide,
  title={Guide to graph colouring},
  author={Lewis, Rhyd},
  year={2021},
  publisher={Springer}
}